  @article{kubik,
  author    = {Monika Henzinger and
               Alexander Noe and
               Christian Schulz and
               Darren Strash},
  title     = {Practical Minimum Cut Algorithms},
  journal   = {CoRR},
  volume    = {abs/1708.06127},
  year      = {2017},
  url       = {http://arxiv.org/abs/1708.06127},
  archivePrefix = {arXiv},
  eprint    = {1708.06127},
  timestamp = {Mon, 13 Aug 2018 16:49:06 +0200},
  biburl    = {https://dblp.org/rec/bib/journals/corr/abs-1708-06127},
  bibsource = {dblp computer science bibliography, https://dblp.org}
}
